@Article {export:158806,
author       = {Antonio Criminisi and Jamie Shotton and Ender Konukoglu},
journal      = {Foundations and Trends{\rm} in Computer Graphics and Vision: Vol. 7: No 2-3, pp
                81-227},
publisher    = {NOW Publishers},
title        = {Decision Forests: A Unified Framework for Classification, Regression, Density
                Estimation, Manifold Learning and Semi-Supervised Learning},
url          = {http://research.microsoft.com/apps/pubs/default.aspx?id=158806},
year         = {2012},
}

@article{heimann2009statistical,
	title={Statistical shape models for 3D medical image segmentation: a review},
	author={Heimann, Tobias and Meinzer, Hans-Peter},
	journal={Medical image analysis},
	volume={13},
	number={4},
	pages={543--563},
	year={2009},
	publisher={Elsevier}
}

@article{rf,
	year={2001},
	issn={0885-6125},
	journal={Machine Learning},
	volume={45},
	number={1},
	doi={10.1023/A:1010933404324},
	title={Random Forests},
	url={http://dx.doi.org/10.1023/A%3A1010933404324},
	publisher={Kluwer Academic Publishers},
	keywords={classification; regression; ensemble},
	author={Breiman, Leo},
	pages={5-32},
	language={English}
}

@article{cross,
	author = { Bradley   Efron },
	title = {Estimating the Error Rate of a Prediction Rule: Improvement on Cross-Validation},
	journal = {Journal of the American Statistical Association},
	volume = {78},
	number = {382},
	pages = {316-331},
	year = {1983},
	doi = {10.1080/01621459.1983.10477973},
	URL = { 
	http://amstat.tandfonline.com/doi/abs/10.1080/01621459.1983.10477973
	},
	eprint = { 
	http://amstat.tandfonline.com/doi/pdf/10.1080/01621459.1983.10477973
	}
}

@article{powers2011evaluation,
	title={Evaluation: from precision, recall and F-measure to ROC, informedness, markedness and correlation},
	author={Powers, David Martin},
	year={2011},
	publisher={Bioinfo Publications}
}

@online{dicom-orientation,
	url={http://dicom.nema.org/medical/Dicom/2015a/output/chtml/part03/sect_C.7.6.2.html},
	title={DICOM - 7.6.2.1.1 Image Position and Orientation},
	author={NEMA, Medical Imaging \& Technology Alliance},
	year={2015}
}

@article{lorensen,
 author = {Lorensen, William E. and Cline, Harvey E.},
 title = {Marching Cubes: A High Resolution 3D Surface Construction Algorithm},
 journal = {SIGGRAPH Comput. Graph.},
 issue_date = {July 1987},
 volume = {21},
 number = {4},
 month = aug,
 year = {1987},
 issn = {0097-8930},
 pages = {163--169},
 numpages = {7},
 doi = {10.1145/37402.37422},
 acmid = {37422},
 publisher = {ACM},
 address = {New York, NY, USA},
}

@article{Bali20121149,
title = {Custom-Fit Total Knee Arthroplasty: Our Initial Experience in 32 Knees },
journal = {The Journal of Arthroplasty },
volume = {27},
number = {6},
pages = {1149 - 1154},
year = {2012},
issn = {0883-5403},
doi = {http://dx.doi.org/10.1016/j.arth.2011.12.006},
url = {http://www.sciencedirect.com/science/article/pii/S088354031100684X},
author = {Kamal Bali and Peter Walker and Warwick Bruce}
}

